@article{pan2017,
  author  = {潘福全 and 亓荣杰 and 张璇 and others},
  title   = {无人驾驶汽车研究综述与发展展望},
  journal = {科技创新与应用},
  year    = {2017},
  number  = {2},
  pages   = {27--28}
}

@article{dong2020,
  author  = {董炳艳 and 张自强 and 徐兰军 and others},
  title   = {智能应急救援装备研究现状与发展趋势},
  journal = {机械工程学报},
  year    = {2020},
  volume  = {56},
  number  = {11},
  pages   = {1--25}
}

@phdthesis{guo2023,
  author  = {郭楠},
  title   = {农业拖拉机路径规划与避障方法研究},
  school  = {安徽农业大学},
  year    = {2023},
  address = {合肥}
}

@phdthesis{wang2016,
  author  = {王俊},
  title   = {无人驾驶车辆环境感知系统关键技术研究},
  school  = {中国科学技术大学},
  year    = {2016},
  address = {合肥}
}

@phdthesis{shen2019,
  author  = {申泽邦},
  title   = {面向自动驾驶的高精度地图优化和定位技术研究},
  school  = {兰州大学},
  year    = {2019},
  address = {兰州}
}

@phdthesis{zhang2015,
  author  = {张昕},
  title   = {无人车通过特殊区域智能行为评价研究},
  school  = {北京理工大学},
  year    = {2015},
  address = {北京}
}

@article{lin2021,
  author  = {林韩熙 and 向丹 and 欧阳剑 and others},
  title   = {移动机器人路径规划算法的研究综述},
  journal = {计算机工程与应用},
  year    = {2021},
  volume  = {57},
  number  = {18},
  pages   = {38--48}
}

@article{hart1968,
  author  = {Hart, P. E. and Nilsson, N. J. and Raphael, B.},
  title   = {A formal basis for the heuristic determination of minimum cost paths},
  journal = {IEEE Transactions on Systems Science and Cybernetics},
  year    = {1968},
  volume  = {4},
  number  = {2},
  pages   = {100--107}
}

@inproceedings{stentz1994,
  author    = {Stentz, A.},
  title     = {Optimal and efficient path planning for partially-known environments},
  booktitle = {Proceedings of the 1994 IEEE International Conference on Robotics and Automation},
  year      = {1994},
  pages     = {3310--3317}
}

@inproceedings{zhong2023,
  author    = {Zhong, T. and Zhang, H. and Dong, F. and others},
  title     = {FGP-astar algorithm based on path planning for mobile robots},
  booktitle = {2023 2nd International Conference on Computing, Communication, Perception and Quantum Technology (CCPQT)},
  year      = {2023},
  pages     = {207--215}
}

@article{lavalle1998,
  author  = {Lavalle, S. M.},
  title   = {Rapidly-Exploring Random Trees: A New Tool for Path Planning},
  journal = {The annual research report},
  year    = {1998}
}

@article{qureshi2015,
  author  = {Qureshi, A. H. and Ayaz, Y.},
  title   = {Intelligent bidirectional rapidly-exploring random trees for optimal motion planning in complex cluttered environments},
  journal = {Robotics and Autonomous Systems},
  year    = {2015},
  volume  = {68},
  pages   = {1--11}
}

@inproceedings{perez2012,
  author    = {Perez, A. and Platt, R. and Konidaris, G. and others},
  title     = {LQR-RRT*: optimal sampling-based motion planning with automatically derived extension heuristics},
  booktitle = {2012 IEEE International Conference on Robotics and Automation},
  year      = {2012},
  pages     = {2537--2542}
}

@incollection{ryu2013,
  author    = {Ryu, J. H. and Ogay, D. and Bulavintsev, S. and others},
  title     = {Development and experiences of an autonomous vehicle for high-speed navigation and obstacle avoidance},
  booktitle = {Frontiers of Intelligent Autonomous Systems},
  editor    = {Lee, S. and Yoon, K. J. and Lee, J.},
  publisher = {Springer},
  year      = {2013},
  address   = {Berlin, Heidelberg},
  pages     = {105--116}
}

@article{berglund2010,
  author  = {Berglund, T. and Brodnik, A. and Jonsson, Hå and others},
  title   = {Planning smooth and obstacle-avoiding B-spline paths for autonomous mining vehicles},
  journal = {IEEE Transactions on Automation Science and Engineering},
  year    = {2010},
  volume  = {7},
  number  = {1},
  pages   = {167--172}
}

@article{sun2020,
  author  = {Sun, J. and Han, X. and Zuo, Y. and others},
  title   = {Trajectory planning in joint space for a pointing mechanism based on a novel hybrid interpolation algorithm and NSGA-II algorithm},
  journal = {IEEE Access},
  year    = {2020},
  volume  = {8},
  pages   = {228628--228638}
}

@inproceedings{khatib1985,
  author    = {Khatib, O.},
  title     = {Real-time obstacle avoidance for manipulators and mobile robots},
  booktitle = {Proceedings of the 1985 IEEE International Conference on Robotics and Automation},
  year      = {1985},
  volume    = {2},
  pages     = {500--505}
}

@inproceedings{liu2022,
  author    = {Liu, Q. and Liu, J. and Zhao, Y. and others},
  title     = {Local path planning for multi-robot systems based on improved artificial potential field algorithm},
  booktitle = {2022 IEEE 5th Advanced Information Management, Communicates, Electronic and Automation Control Conference (IMCEC)},
  year      = {2022},
  volume    = {5},
  pages     = {1540--1544}
}

@article{qin2003,
  author  = {Qin, S. J. and Badgwell, T. A.},
  title   = {A survey of industrial model predictive control technology},
  journal = {Control Engineering Practice},
  year    = {2003},
  volume  = {11},
  number  = {7},
  pages   = {733--764}
}

@inproceedings{sun2024,
  author    = {Sun, Z. and Ma, X.},
  title     = {Research on path planning optimization based on genetic algorithm},
  booktitle = {2024 4th International Conference on Neural Networks, Information and Communication Engineering (NNICE)},
  year      = {2024},
  pages     = {1604--1608}
}

@article{mnih2015,
  author  = {Mnih, V. and Kavukcuoglu, K. and Silver, D. and others},
  title   = {Human-level control through deep reinforcement learning},
  journal = {Nature},
  year    = {2015},
  volume  = {518},
  number  = {7540},
  pages   = {529--533}
}

@inproceedings{yang2024,
  author    = {Yang, Y. and Ren, L. and Chen, Z. and others},
  title     = {Research on path planning of autonomous mobile robot based on reinforcement learning},
  booktitle = {2024 4th International Symposium on Computer Technology and Information Science (ISCTIS)},
  year      = {2024},
  pages     = {76--81}
}

@phdthesis{zhang2024,
  author  = {张艺怀},
  title   = {自动驾驶车辆路径规划与跟踪控制算法研究},
  school  = {华南理工大学},
  year    = {2024},
  address = {广州}
}